@manual{inmetro2003,
	Author = {INMETRO},
	Title = {Vocabulário internacional de termos fundamentais e gerais de
	metrologia},
	Year = {2013},
	Address = {Rio de Janeiro, Brasil},
	Pages = {75},
	isbn = {85-87090-90-9},
}

@inproceedings{soviero1997,
	Author = {P. A. O. Soviero and L. G. M. Lavagna},
	Title = {A Numerical Model for Thin Airfoils in Unsteady Motion},
	Year = {1997},
	Pages = {332-340},
	Volume = {19},
	Number = {3},
	Booktitle = {Journal of the Brazilian Societyt Mechanical Sciences},	
}

@inproceedings{sparrow1980,
	Author = {E. M. Sparrow},
	Title = {Forced Convection Heat Transfer in a Duct Having Spanwise-Periodic
	Rectangular Protuberances},
	Year = {1980},
	Pages = {149-167},
	Volume = {3},
	Booktitle = {Numerical Heat Transfer},
}

@article{clark1986,
	Author = {J. A. Clark},
	Title = {Private Communication},
	Year = {1986},
	Address = {University of Michigan},
}

@article{arruda2007,
	Author = {M. B. B. Arruda},
	Title = {Como fazer referências: bibliográficas, eletrônicas e demais
	formas de documentos},
	Year = {2007},
	Url = {http://bu.ufsc.br/framerefer.html}
}

@article{coimbra1978,
	Author = {A. L. Coimbra},
	Title = {Lessons of Continuum Mechanics},
	Year = {1978},
	Address = {São Paulo, Brazil},
	Pages = {428},
	Editor = {Edgard Blücher},
}

@inproceedings{bordalo1989,
	Author = {S. N. Bordalo and J. H. Ferziger and S. J. Kline},
	Title = {The Development of Zonal Models for Turbulence},
	Year = {1989},
	Pages = {41-44},
	Booktitle = {Proceedings of the 10th Brazilian Congress of Mechanical
	Engineering}, 
	Volume = {1},	
}

@manual{NBR14724:2011,
	Address = {Rio de Janeiro},
	Date-Added = {2012-12-15 20:34:08 +0000},
	Date-Modified = {2012-12-15 20:35:25 +0000},
	Month = mar,
	Org-Short = {ABNT},
	Organization = {Associa{\c c}\~ao Brasileira de Normas T\'ecnicas},
	Pages = 15,
	Subtitle = {Informa{\c c}\~ao e documenta{\c c}\~ao --- trabalhos acad\^emicos --- apresenta{\c c}\~ao},
	Title = {{NBR} 14724},
	Year = 2011
}

@manual{NBR6034:2000,
	Address = {Rio de Janeiro},
	Org-Short = {ABNT},
	Organization = {Associa{\c c}\~ao Brasileira de Normas T\'ecnicas},
	Subtitle = {Informa{\c c}\~ao e documenta{\c c}\~ao --- Referências},
	Title = {{NBR} 14724},
	Year = 2000
}

@book{Sommerville2007,
author = {Sommerville, Ian},
title = {Software Engineering},
year = {2007},
isbn = {978-0-321-31379-9, 0-321-31379-8},
edition = {9th},
publisher = {Addison-Wesley Publishing Company},
address = {USA},
}

%%%%%%%%%%%%%%%%%%%

@book{penton2003mud,
  title={MUD game programming},
  author={Penton, Ron},
  year={2003},
  publisher={Premier Press}
}

@book{nesteruk2018design,
  title={Design Patterns in Modern C++: Reusable Approaches for Object-Oriented Software Design},
  author={Nesteruk, Dmitri},
  year={2018},
  publisher={Apress}
}

@misc{rangebasedfor,
	Author = { Cppreference },
	Title = {Range-based for loop (since C++11)},
	Url = {https://en.cppreference.com/w/cpp/language/range-for},
	Urlaccessdate = {Janeiro, 2023},
	Year = {2023},
}

@misc{1990IEEESGo,
	series = {IEEE Standard Glossary of Software Engineering Terminology},
	abstract = {This IEEE Standards product is part of the family on Software Engineering. This standard identifies terms currently in use in the field of Software Engineering. Standard definitions for those terms are established.},
	pages = {1--84},
	publisher = {IEEE},
	isbn = {0738103918},
	year = {1990},
	title = {IEEE Standard Glossary of Software Engineering Terminology},
	copyright = {1990 IEEE},
	language = {eng},
	keywords = {Definitions ; dictionary ; glossary ; Software engineering ; Terminology},
}

@article{chapin2001types,
  title={Types of software evolution and software maintenance},
  author={Chapin, Ned and Hale, Joanne E and Khan, Khaled Md and Ramil, Juan F and Tan, Wui-Gee},
  journal={Journal of software maintenance and evolution: Research and Practice},
  volume={13},
  number={1},
  pages={3--30},
  year={2001},
  publisher={Wiley Online Library}
}

@inproceedings{bennett2000software,
  title={Software maintenance and evolution: a roadmap},
  author={Bennett, Keith H and Rajlich, V{\'a}clav T},
  booktitle={Proceedings of the Conference on the Future of Software Engineering},
  pages={73--87},
  year={2000}
}

@inproceedings{swanson1976dimensions,
  title={The dimensions of maintenance},
  author={Swanson, E Burton},
  booktitle={Proceedings of the 2nd international conference on Software engineering},
  pages={492--497},
  year={1976}
}
